@misc{Cooper-site,
	author = {Jon Cooper},
	title = {Very Simple Crystallographic Coordinate Transformation Tool, can be found under https://ic50.org/fractorth/},
}